<?xml version="1.0" encoding="UTF-8"?>
<record xmlns="http://www.loc.gov/MARC21/slim" xmlns:xsi="http://www.w3.org/2001/XMLSchema-instance" xsi:schemaLocation="http://www.loc.gov/MARC21/slim http://www.loc.gov/standards/marcxml/schema/MARC21slim.xsd">
<leader>     nam a22003371a 4500</leader>
<controlfield tag="001">001684677</controlfield>
<controlfield tag="003">NNU</controlfield>
<controlfield tag="005">20061010173239.0</controlfield>
<controlfield tag="008">000822s1927    ua a     b    000 0bara d</controlfield>
<datafield tag="035" ind1="9" ind2=" ">
<subfield code="a">NYUb12228113</subfield>
</datafield>
<datafield tag="035" ind1=" " ind2=" ">
<subfield code="a">(NNU)NYUb12228113</subfield>
</datafield>
<datafield tag="040" ind1=" " ind2=" ">
<subfield code="a">NjP</subfield>
<subfield code="c">NjP</subfield>
<subfield code="d">MH</subfield>
<subfield code="d">CStRLIN</subfield>
<subfield code="d">CtY</subfield>
</datafield>
<datafield tag="066" ind1=" " ind2=" ">
<subfield code="c">(3</subfield>
</datafield>
<datafield tag="090" ind1=" " ind2=" ">
<subfield code="a">DS238.U4</subfield>
<subfield code="b">I17</subfield>
</datafield>
<datafield tag="100" ind1="1" ind2=" ">
<subfield code="6">880-01</subfield>
<subfield code="a">Ibn ʻAbd al-Ḥakam, ʻAbd Allāh,</subfield>
<subfield code="d">d. 829.</subfield>
</datafield>
<datafield tag="245" ind1="1" ind2="0">
<subfield code="6">880-02</subfield>
<subfield code="a">Sīrat ʻUmar ibn ʻAbd al-ʻAzīz :</subfield>
<subfield code="b">ʻalá mā rawāhu al-Imām Mālik ibn Anas wa-aṣḥābuh /</subfield>
<subfield code="c">taʼlīf Abī Muḥammad ʻAbd Allāh ibn ʻAbd al-Ḥakam ; riwāyat ibnihi Abī ʻAbd Allāh Muḥammad ; nasakhahā wa-ṣaḥḥaḥahā wa-ʻallaqa ʻalayhā Aḥmad ʻUbayd.</subfield>
</datafield>
<datafield tag="250" ind1=" " ind2=" ">
<subfield code="6">880-03</subfield>
<subfield code="a">al-Ṭabʻah 1.</subfield>
</datafield>
<datafield tag="260" ind1=" " ind2=" ">
<subfield code="6">880-04</subfield>
<subfield code="a">Miṣr :</subfield>
<subfield code="b">al-Maktabah al-ʻArabīyah,</subfield>
<subfield code="c">1927.</subfield>
</datafield>
<datafield tag="300" ind1=" " ind2=" ">
<subfield code="a">198 p. :</subfield>
<subfield code="b">ill. ;</subfield>
<subfield code="c">25 cm.</subfield>
</datafield>
<datafield tag="500" ind1=" " ind2=" ">
<subfield code="a">The recension of Muḥammad ibn ʻAbd Allāh ibn ʻAbd al-Ḥakam.</subfield>
</datafield>
<datafield tag="504" ind1=" " ind2=" ">
<subfield code="a">Bibliography: p. [159]-160.</subfield>
</datafield>
<datafield tag="600" ind1="0" ind2="0">
<subfield code="6">880-05</subfield>
<subfield code="a">ʻUmar</subfield>
<subfield code="b">II,</subfield>
<subfield code="c">Caliph,</subfield>
<subfield code="d">d. 720.</subfield>
</datafield>
<datafield tag="700" ind1="1" ind2=" ">
<subfield code="6">880-06</subfield>
<subfield code="a">Ibn ʻAbd al-Ḥakam, Muḥammad ibn ʻAbd Allāh,</subfield>
<subfield code="d">798 or 9-881 or 2.</subfield>
</datafield>
<datafield tag="700" ind1="1" ind2=" ">
<subfield code="6">880-07</subfield>
<subfield code="a">ʻUbayd, Aḥmad.</subfield>
</datafield>
<datafield tag="880" ind1="1" ind2=" ">
<subfield code="6">100-01/</subfield>
<subfield code="a">ابن عبد الحكم، عبد الله.</subfield>
</datafield>
<datafield tag="880" ind1="1" ind2="0">
<subfield code="6">245-02/</subfield>
<subfield code="a">سيرة عمر بن عبد العزيز :</subfield>
<subfield code="b">على ما رواه الإمام مالك بن أنس وأصحابه /</subfield>
<subfield code="c">تأليف أبي محمد عبد الله بن عبد الحكم ؛ رواية ابنه أبي عبد الله محمد ؛ نسخها وصححها وعلق عليها أحمد عبيد.</subfield>
</datafield>
<datafield tag="880" ind1=" " ind2=" ">
<subfield code="6">250-03/</subfield>
<subfield code="a">الطبعة 1.</subfield>
</datafield>
<datafield tag="880" ind1=" " ind2=" ">
<subfield code="6">260-04/</subfield>
<subfield code="a">مصر :</subfield>
<subfield code="b">المكتبة العربية،</subfield>
<subfield code="c">1927.</subfield>
</datafield>
<datafield tag="880" ind1="0" ind2="0">
<subfield code="6">600-05/</subfield>
<subfield code="a">عمر بن عبد العزيز.</subfield>
</datafield>
<datafield tag="880" ind1="1" ind2=" ">
<subfield code="6">700-06/</subfield>
<subfield code="a">ابن عبد الحكم، محمد بن عبد الله.</subfield>
</datafield>
<datafield tag="880" ind1="1" ind2=" ">
<subfield code="6">700-07/</subfield>
<subfield code="a">عبيد، أحمد.</subfield>
</datafield>
<datafield tag="OWN" ind1=" " ind2=" ">
<subfield code="a">GENERAL</subfield>
</datafield>
<datafield tag="998" ind1=" " ind2=" ">
<subfield code="a">20010429</subfield>
<subfield code="d">20010429</subfield>
<subfield code="d">20020310</subfield>
<subfield code="n">NNU</subfield>
<subfield code="s">6</subfield>
<subfield code="t">c</subfield>
<subfield code="z">p</subfield>
</datafield>
<datafield tag="AVA" ind1=" " ind2=" ">
<subfield code="a">NYU50</subfield>
<subfield code="b">BOBST</subfield>
<subfield code="c">Main Collection</subfield>
<subfield code="d">DS238.U4 I17</subfield>
<subfield code="e">unavailable</subfield>
<subfield code="t">Unavailable</subfield>
<subfield code="f">1</subfield>
<subfield code="g">1</subfield>
<subfield code="h">N</subfield>
<subfield code="i">0</subfield>
<subfield code="j">MAIN</subfield>
<subfield code="k">0</subfield>
</datafield>
</record>
